<collection xmlns="http://www.loc.gov/MARC21/slim">
  <record>
    <controlfield tag="001">252</controlfield>
    <datafield tag="110" ind1=" " ind2=" ">
      <subfield code="a">CMS Collaboration</subfield>
    </datafield>
    <datafield tag="245" ind1=" " ind2=" ">
      <subfield code="a">CMS VM Image, for 2011 CMS open data</subfield>
    </datafield>
    <datafield tag="260" ind1=" " ind2=" ">
      <subfield code="b">CERN Open Data Portal</subfield>
      <subfield code="c">2016</subfield>
    </datafield>
    <datafield tag="264" ind1=" " ind2="0">
      <subfield code="c">2011</subfield>
    </datafield>
    <datafield tag="520" ind1=" " ind2=" ">
      <subfield code="a">The virtual machine image is based on CernVM (cernvm.cern.ch), with Scientific Linux CERN 6 (slc6), which is the environment needed for the CMSSW release
      to be used with the 2011 CMS open data. It gets the CMS software (CMSSW) from /cvmfs/cms.cern.ch and the jobs running on the CMS open data VM read the condition data from /cvmfs/cms-opendata-conddb.cern.ch. Access to the data is through XRootD.</subfield>
    </datafield>
    <datafield tag="556" ind1=" " ind2=" ">
      <subfield code="a">For known issues and limitations see</subfield>
      <subfield code="u">http://opendata.cern.ch/VM/CMS#2011</subfield>
      <subfield code="y">CMS Virtual Machines - Known Issues and Limitations</subfield>
    </datafield>
    <datafield tag="567" ind1=" " ind2=" ">
      <subfield code="a">The contextualisation scripts used for setting up the CMS VM images are available at</subfield>
      <subfield code="u">251</subfield>
    </datafield>
    <datafield tag="581" ind1=" " ind2=" ">
      <subfield code="a">Please follow the tutorial on how to use the CMS Virtual Machine</subfield>
      <subfield code="u">http://opendata.cern.ch/VM/CMS#how</subfield>
      <subfield code="y">CMS Virtual Machines: How to install</subfield>
    </datafield>
    <datafield tag="583" ind1=" " ind2=" ">
      <subfield code="a">A validation report of the CMS VM can be found at</subfield>
      <subfield code="u">http://opendata.cern.ch/VM/CMS/validation/report#2011</subfield>
      <subfield code="y">Testing the CernVM</subfield>
    </datafield>
    <datafield tag="693" ind1=" " ind2=" ">
      <subfield code="a">CERN-LHC</subfield>
      <subfield code="e">CMS</subfield>
    </datafield>
    <datafield tag="964" ind1=" " ind2="0">
      <subfield code="c">Run2011A</subfield>
    </datafield>
    <datafield tag="980" ind1=" " ind2=" ">
      <subfield code="a">CMS-Tools</subfield>
    </datafield>
    <datafield tag="980" ind1=" " ind2=" ">
      <subfield code="b">Research</subfield>
    </datafield>
    <datafield tag="FFT" ind1=" " ind2=" ">
      <subfield code="a">/tmp/opendata.cern.ch-fft-file-cache/cms-vm-images/CMS-Open-Data-1.2.0-rc3.ova</subfield>
    </datafield>
  </record>