
  <record>
    <controlfield tag="001">251</controlfield>
    <datafield tag="100" ind1=" " ind2=" ">
      <subfield code="a">Huffman, Adam</subfield>
    </datafield>
    <datafield tag="245" ind1=" " ind2=" ">
      <subfield code="a">Contextualisation scripts to create the CMS VM Image, for 2011 data release</subfield>
    </datafield>
    <datafield tag="260" ind1=" " ind2=" ">
      <subfield code="b">CERN Open Data Portal</subfield>
      <subfield code="c">2016</subfield>
    </datafield>
    <datafield tag="264" ind1=" " ind2="0">
      <subfield code="c">2011</subfield>
    </datafield>
    <datafield tag="520" ind1=" " ind2=" ">
      <subfield code="a">The scripts provided create the CMS virtual machine image based on CernVM (cernvm.cern.ch), with Scientific Linux CERN 6 (slc6).</subfield>
    </datafield>
    <datafield tag="538" ind1=" " ind2=" ">
      <subfield code="a">Use this with a Micro-CernVM available at</subfield>
      <subfield code="u">http://cernvm.cern.ch/portal/downloads</subfield>
    </datafield>
    <datafield tag="581" ind1=" " ind2=" ">
      <subfield code="a"><![CDATA[ <p> First, you need to run a normal Micro-CernVM, using your own context so you can login. Copy the attached files to the running VM and then
      login.</p><p>Inside the VM, you first need a copy of the latest Micro-CernVM release as a template for the Open Data image. Download it, inside the running VM, from:
      http://cernvm.cern.ch/releases/testing/ucernvm-prod.2.5-2.cernvm.x86_64.hdd <br/>placing it in the same directory as the other files.<br/>Run
      the script:<br/>./cernvm-script <br/>which will produce some output on the terminal, and then finish.
      <p>The result should be a file with the title coming from the -n field in the script. In this case, the file we're interested in is:
      <br/>CMS-OpenData-1.0.1.ova
      <br/>which can be copied from the running VM to elsewhere. </p> ]]></subfield>
    </datafield>
    <datafield tag="693" ind1=" " ind2=" ">
      <subfield code="a">CERN-LHC</subfield>
      <subfield code="e">CMS</subfield>
    </datafield>
    <datafield tag="787" ind1=" " ind2=" ">
      <subfield code="a">The final CERN VM image can be found here:</subfield>
      <subfield code="w">252</subfield>
    </datafield>
    <datafield tag="964" ind1=" " ind2="0">
      <subfield code="c">Run2011A</subfield>
    </datafield>
    <datafield tag="980" ind1=" " ind2=" ">
      <subfield code="a">CMS-Tools</subfield>
    </datafield>
    <datafield tag="980" ind1=" " ind2=" ">
      <subfield code="b">Research</subfield>
    </datafield>
  </record>
</collection>
